%SPH:
@article{monaghan1994SPH,
  title={Simulating free surface flows with SPH},
  author={Monaghan, Joe J},
  journal={Journal of computational physics},
  volume={110},
  number={2},
  pages={399--406},
  year={1994},
  publisher={Elsevier}
}

@article{kopysov2015modeling,
  title={Modeling of the incompressible liquid flow interaction with barriers using VOF and SPH methods},
  author={Kopysov, Sergey Petrovich and Tonkov, Leonid Evgen'evich and Chernova, Alena Alekseevna and Sarmakeeva, Anastasiya Semenovna},
  journal={Vestnik Udmurtskogo Universiteta. Matematika. Mekhanika. Komp'yuternye Nauki},
  volume={25},
  number={3},
  pages={405--420},
  year={2015},
  publisher={Udmurt State University}
}

@article{macia2012boundary,
  title={A boundary integral SPH formulation: consistency and applications to ISPH and WCSPH},
  author={Macia, Fabricio and Gonz{\'a}lez, Leo M and Cercos-Pita, Jose L and Souto-Iglesias, Antonio},
  journal={Progress of Theoretical Physics},
  volume={128},
  number={3},
  pages={439--462},
  year={2012},
  publisher={Oxford University Press}
}
@article{gingold1977SPH,
  title={Smoothed particle hydrodynamics: theory and application to non-spherical stars},
  author={Gingold, Robert A and Monaghan, Joseph J},
  journal={Monthly notices of the royal astronomical society},
  volume={181},
  number={3},
  pages={375--389},
  year={1977},
  publisher={Oxford University Press Oxford, UK}
}
@article{adami2012SPH,
  title={A generalized wall boundary condition for smoothed particle hydrodynamics},
  author={Adami, Stefan and Hu, Xiangyu Y and Adams, Nikolaus A},
  journal={Journal of Computational Physics},
  volume={231},
  number={21},
  pages={7057--7075},
  year={2012},
  publisher={Elsevier}
}
@article{barreiro2013SPH,
  title={Smoothed particle hydrodynamics for coastal engineering problems},
  author={Barreiro, A and Crespo, AJC and Dom{\'\i}nguez, JM and G{\'o}mez-Gesteira, M},
  journal={Computers \& Structures},
  volume={120},
  pages={96--106},
  year={2013},
  publisher={Elsevier}
}
@article{moreira2020SPH,
  title={Overview of large-scale smoothed particle hydrodynamics modeling of dam hydraulics},
  author={Moreira, Andreia Borges and Leroy, Agn{\`e}s and Violeau, Damien and Taveira-Pinto, Francisco de Almeida},
  journal={Journal of Hydraulic Engineering},
  volume={146},
  number={2},
  pages={03119001},
  year={2020},
  publisher={American Society of Civil Engineers}
}
@article{zhang2018dualsphysics,
  title={DualSPHysics: a numerical tool to simulate real breakwaters},
  author={Zhang, Feng and Crespo, Alejandro and Altomare, Corrado and Dom{\'\i}nguez, Jos{\'e} and Marzeddu, Andrea and Shang, Shao-ping and G{\'o}mez-Gesteira, Moncho},
  journal={Journal of Hydrodynamics},
  volume={30},
  pages={95--105},
  year={2018},
  publisher={Springer}
}
@article{Dual_SPH2019accuracy,
  title={On the accuracy of DualSPHysics to assess violent collisions with coastal structures},
  author={Gonz{\'a}lez-Cao, Jos{\'e} and Altomare, Corrado and Crespo, Alejandro JC and Dom{\'\i}nguez, JM and G{\'o}mez-Gesteira, Moncho and Kisacik, Dogan},
  journal={Computers \& Fluids},
  volume={179},
  pages={604--612},
  year={2019},
  publisher={Elsevier}
}

@article{ren2015nonlinear,
  title={Nonlinear simulations of wave-induced motions of a freely floating body using WCSPH method},
  author={Ren, Bing and He, Ming and Dong, Ping and Wen, Hongjie},
  journal={Applied Ocean Research},
  volume={50},
  pages={1--12},
  year={2015},
  publisher={Elsevier}
}

%FEM for fluids
@book{lewis2004fundamentals,
  title={Fundamentals of the finite element method for heat and fluid flow},
  author={Lewis, Roland W and Nithiarasu, Perumal and Seetharamu, Kankanhalli N},
  year={2004},
  publisher={John Wiley \& Sons}
}
@article{FEM,
  title={An extended finite element method for two-phase fluids},
  author={Chessa, Jack and Belytschko, Ted},
  journal={J. Appl. Mech.},
  volume={70},
  number={1},
  pages={10--17},
  year={2003}
}
@article{schwalbach,
  title={Effect of impact velocity and mass ratio during vertical sphere water entry},
  author={Schwalbach, DS and Shepard, Thomas and Kane, Seamus and Siglin, David and Harrington, Teegan and Abraham, JP},
  journal={Dev. Appl. Oceanic Eng},
  volume={3},
  pages={55--62},
  year={2014}
}
@article{FEM_2,
  title={A finite element method for fluid--structure interaction with surface waves using a finite calculus formulation},
  author={O{\~n}ate, Eugenio and Garc{\i}a, J},
  journal={Computer methods in applied mechanics and engineering},
  volume={191},
  number={6-7},
  pages={635--660},
  year={2001},
  publisher={Elsevier}
}
@article{front-tracking,
  title={A front-tracking method for the computations of multiphase flow},
  author={Tryggvason, Gr{\'e}tar and Bunner, Bernard and Esmaeeli, Asghar and Juric, Damir and Al-Rawahi, N and Tauber, W and Han, J and Nas, S and Jan, Y-J},
  journal={Journal of computational physics},
  volume={169},
  number={2},
  pages={708--759},
  year={2001},
  publisher={Elsevier}
}
%VOF 
@article{algebraicVOF,
  title={Direct numerical simulation of evaporating droplets based on a sharp-interface algebraic VOF approach},
  author={Shang, Xiaopeng and Zhang, Xuan and Nguyen, Thien-Binh and Tran, Tuan},
  journal={International Journal of Heat and Mass Transfer},
  volume={184},
  pages={122282},
  year={2022},
  publisher={Elsevier}
}
@article{hirt1981volume,
  title={Volume of fluid (VOF) method for the dynamics of free boundaries},
  author={Hirt, Cyril W and Nichols, Billy D},
  journal={Journal of computational physics},
  volume={39},
  number={1},
  pages={201--225},
  year={1981},
  publisher={Elsevier}
}
@article{mac,
  title={GENSMAC: A computational marker and cell method for free surface flows in general domains},
  author={Tome, Murilo F and McKee, Sean},
  journal={Journal of Computational Physics},
  volume={110},
  number={1},
  pages={171--186},
  year={1994},
  publisher={Elsevier}
}
@article{VOF_level_set,
  title={Level set methods and dynamic implicit surfaces},
  author={Osher, Stanley and Fedkiw, Ronald and Piechor, K},
  journal={Appl. Mech. Rev.},
  volume={57},
  number={3},
  pages={B15--B15},
  year={2004}
}
@article{HIRC,
  title={Remarks on prediction of wave drag using VOF method with interface capturing approach},
  author={Wac{\l}awczyk, T and Koronowicz, T},
  journal={Archives of civil and mechanical engineering},
  volume={8},
  number={1},
  pages={5--14},
  year={2008},
  publisher={Springer}
}
@article{VOF_reocnstr,
  title={A comparative study of two open-source state-of-the-art geometric VOF methods},
  author={Esteban, Adolfo and L{\'o}pez, Joaqu{\'\i}n and G{\'o}mez, Pablo and Zanzi, Claudio and Roenby, Johan and Hern{\'a}ndez, Julio},
  journal={Computers \& Fluids},
  volume={250},
  pages={105725},
  year={2023},
  publisher={Elsevier}
}
@article{sharp-interface,
  title={Sharp Interface Methods for Simulation and Analysis of Free Surface Flows with Singularities: Breakup and Coalescence},
  author={Anthony, Christopher R and Wee, Hansol and Garg, Vishrut and Thete, Sumeet S and Kamat, Pritish M and Wagoner, Brayden W and Wilkes, Edward D and Notz, Patrick K and Chen, Alvin U and Suryo, Ronald and others},
  journal={Annual Review of Fluid Mechanics},
  volume={55},
  year={2023},
  publisher={Annual Reviews}
}
@article{MULES,
  title={Evaluating the performance of the two-phase flow solver interFoam},
  author={Deshpande, Suraj S and Anumolu, Lakshman and Trujillo, Mario F},
  journal={Computational science \& discovery},
  volume={5},
  number={1},
  pages={014016},
  year={2012},
  publisher={IOP Publishing}
}
@article{liu2021new,
  title={A new method for wet-dry front treatment in outburst flood simulation},
  author={Liu, Dingzhu and Tang, Jinbo and Wang, Hao and Cao, Yang and Bazai, Nazir Ahmed and Chen, Huayong and Liu, Daochuan},
  journal={Water},
  volume={13},
  number={2},
  pages={221},
  year={2021},
  publisher={MDPI}
}
@article{CICSAM,
  title={Comparison of CICSAM and HRIC high-resolution schemes for interface capturing},
  author={Wac{\l}awczyk, Tomasz and Koronowicz, Tadeusz},
  journal={Journal of theoretical and applied mechanics},
  volume={46},
  pages={325--345},
  year={2008}
}
@article{THINC,
  title={Numerical simulations for incompressible turbulence cavitation flows with tangent of hyperbola interface capturing (THINC) scheme},
  author={Xiao, Teng and Xie, Bin and Deng, Xi and Du, Yanping},
  journal={Physics of Fluids},
  volume={34},
  number={2},
  pages={022108},
  year={2022},
  publisher={AIP Publishing LLC}
}
@article{youngs-method,
  title={Numerical simulation of violent liquid sloshing in a tank based on Youngs method},
  author={Duan, Mu-Yu and Zhu, Ren-Qing},
  journal={Chuan Bo Li Xue},
  volume={13},
  number={1},
  pages={9--18},
  year={2009}
}
@article{height-function,
  title={An approximated volume of fluid method with the modified height function method in the simulation of surface tension driven flows},
  author={Liu, Cheng and Gao, Ruoqing and Hu, Changhong},
  journal={AIP Advances},
  volume={12},
  number={8},
  pages={085308},
  year={2022},
  publisher={AIP Publishing LLC}
}
@article{huang2012piecewise,
  title={A piecewise linear interface-capturing volume-of-fluid method based on unstructured grids},
  author={Huang, Meng and Wu, Lilong and Chen, Bin},
  journal={Numerical Heat Transfer, Part B: Fundamentals},
  volume={61},
  number={5},
  pages={412--437},
  year={2012},
  publisher={Taylor \& Francis}
}
%LBM
@article{chen1998lattice,
  title={Lattice Boltzmann method for fluid flows},
  author={Chen, Shiyi and Doolen, Gary D},
  journal={Annual review of fluid mechanics},
  volume={30},
  number={1},
  pages={329--364},
  year={1998},
  publisher={Annual Reviews 4139 El Camino Way, PO Box 10139, Palo Alto, CA 94303-0139, USA}
}
@article{begum2008lattice,
  title={Lattice Boltzmann method and its applications to fluid flow problems},
  author={Begum, Romana and Basit, M Abdul},
  journal={European Journal of Scientific Research},
  volume={22},
  number={2},
  pages={216--231},
  year={2008}
}
@article{MPI,
  title={An introduction to the MPI standard},
  author={Dongarra, Jack J and Otto, Steve W and Snir, Marc and Walker, David and others},
  journal={Communications of the ACM},
  volume={18},
  year={1995}
}
@article{sarmakeeva2017meshfree,
  title={Meshfree methods for simulation fluid-structure interactions},
  author={Sarmakeeva, Anastasiya Semenovna and Tonkov, Leonid Evgen'evich and Chernova, Alena Alekseevna},
  journal={Izvestiya Instituta Matematiki i Informatiki Udmurtskogo Gosudarstvennogo Universiteta},
  volume={50},
  pages={36--44},
  year={2017},
  publisher={Udmurt State University}
}
@article{ba2013color,
  title={Color-gradient lattice Boltzmann model for simulating droplet motion with contact-angle hysteresis},
  author={Ba, Yan and Liu, Haihu and Sun, Jinju and Zheng, Rongye},
  journal={Physical Review E},
  volume={88},
  number={4},
  pages={043306},
  year={2013},
  publisher={APS}
}

@article{takada2013phase,
  title={Phase-field model-based simulation of motions of a two-phase fluid on solid surface},
  author={Takada, Naoki and Matsumoto, Junichi and Matsumoto, Sohei},
  journal={Journal of Computational Science and Technology},
  volume={7},
  number={2},
  pages={322--337},
  year={2013},
  publisher={The Japan Society of Mechanical Engineers}
}
@article{huang2011forcing,
  title={Forcing term in single-phase and Shan-Chen-type multiphase lattice Boltzmann models},
  author={Huang, Haibo and Krafczyk, Manfred and Lu, Xiyun},
  journal={Physical Review E},
  volume={84},
  number={4},
  pages={046710},
  year={2011},
  publisher={APS}
}
@article{aidun2010lattice,
  title={Lattice-Boltzmann method for complex flows},
  author={Aidun, Cyrus K and Clausen, Jonathan R},
  journal={Annual review of fluid mechanics},
  volume={42},
  pages={439--472},
  year={2010},
  publisher={Annual Reviews}
}
@article{peskin1972flow,
  title={Flow patterns around heart valves: a numerical method},
  author={Peskin, Charles S},
  journal={Journal of computational physics},
  volume={10},
  number={2},
  pages={252--271},
  year={1972},
  publisher={Elsevier}
}
@article{hirt1981vof,
  title={Volume of fluid (VOF) method for the dynamics of free boundaries},
  author={Hirt, Cyril W and Nichols, Billy D},
  journal={Journal of computational physics},
  volume={39},
  number={1},
  pages={201--225},
  year={1981},
  publisher={Elsevier}
}
@article{sun2006efficient,
  title={Efficient implementations of the Crank-Nicolson scheme for the finite-difference time-domain method},
  author={Sun, Guilin and Trueman, Christopher W},
  journal={IEEE transactions on microwave theory and techniques},
  volume={54},
  number={5},
  pages={2275--2284},
  year={2006},
  publisher={IEEE}
}

@article{leonard1979stable,
  title={A stable and accurate convective modelling procedure based on quadratic upstream interpolation},
  author={Leonard, Brian P},
  journal={Computer methods in applied mechanics and engineering},
  volume={19},
  number={1},
  pages={59--98},
  year={1979},
  publisher={Elsevier}
}
@book{ferziger2002cfd,
  title={Computational methods for fluid dynamics},
  author={Ferziger, Joel H and Peri{\'c}, Milovan and Street, Robert L},
  volume={3},
  year={2002},
  publisher={Springer}
}
@article{deen2009direct,
  title={Direct numerical simulation of complex multi-fluid flows using a combined front tracking and immersed boundary method},
  author={Deen, Niels G and van Sint Annaland, Martin and Kuipers, JAM},
  journal={Chemical engineering science},
  volume={64},
  number={9},
  pages={2186--2201},
  year={2009},
  publisher={Elsevier}
}
@article{brackbill1992continuum,
  title={A continuum method for modeling surface tension},
  author={Brackbill, Jeremiah U and Kothe, Douglas B and Zemach, Charles},
  journal={Journal of computational physics},
  volume={100},
  number={2},
  pages={335--354},
  year={1992},
  publisher={Elsevier}
}
@article{uhlmann2005immersed,
  title={An immersed boundary method with direct forcing for the simulation of particulate flows},
  author={Uhlmann, Markus},
  journal={Journal of Computational Physics},
  volume={209},
  number={2},
  pages={448--476},
  year={2005},
  publisher={Elsevier}
}
@article{balachandran2021resolved,
  title={Resolved CFD-DEM simulation of blood flow with a reduced-order RBC model},
  author={Balachandran Nair, Achuth Nair and Pirker, Stefan and Saeedipour, Mahdi},
  journal={Computational Particle Mechanics},
  pages={1--16},
  year={2021},
  publisher={Springer}
}
@article{kloss2012models,
  title={Models, algorithms and validation for opensource DEM and CFD--DEM},
  author={Kloss, Christoph and Goniva, Christoph and Hager, Alice and Amberger, Stefan and Pirker, Stefan},
  journal={Progress in Computational Fluid Dynamics, an International Journal},
  volume={12},
  number={2-3},
  pages={140--152},
  year={2012},
  publisher={Inderscience Publishers}
}

@article{mittal2005immersed,
  title={Immersed boundary methods},
  author={Mittal, Rajat and Iaccarino, Gianluca},
  journal={Annu. Rev. Fluid Mech.},
  volume={37},
  pages={239--261},
  year={2005},
  publisher={Annual Reviews}
}


@article{cundall1979discrete,
  title={A discrete numerical model for granular assemblies},
  author={Cundall, Peter A and Strack, Otto DL},
  journal={geotechnique},
  volume={29},
  number={1},
  pages={47--65},
  year={1979},
  publisher={Thomas Telford Ltd}
}

@incollection{roenby2019isoadvector,
  title={IsoAdvector: Geometric VOF on general meshes},
  author={Roenby, Johan and Bredmose, Henrik and Jasak, Hrvoje},
  booktitle={OpenFOAM{\textregistered}},
  pages={281--296},
  year={2019},
  publisher={Springer}
}

@article{zalesak1979fully,
  title={Fully multidimensional flux-corrected transport algorithms for fluids},
  author={Zalesak, Steven T},
  journal={Journal of computational physics},
  volume={31},
  number={3},
  pages={335--362},
  year={1979},
  publisher={Elsevier}
}

@inproceedings{muzaferija1999two,
  title={A two-fluid Navier-Stokes solver to simulate water entry},
  author={Muzaferija, Samir},
  booktitle={Proceedings of 22nd symposium on naval architecture, 1999},
  pages={638--651},
  year={1999},
  organization={National Academy Press}
}


@article{shirgaonkar2009new,
  title={A new mathematical formulation and fast algorithm for fully resolved simulation of self-propulsion},
  author={Shirgaonkar, Anup A and MacIver, Malcolm A and Patankar, Neelesh A},
  journal={Journal of Computational Physics},
  volume={228},
  number={7},
  pages={2366--2390},
  year={2009},
  publisher={Elsevier}
}

@article{hager2014cfd,
  title={CFD-DEM on multiple scales: An extensive investigation of particle--fluid interactions},
  author={Hager, Alice},
  journal={Johannes Kepler University Linz, Linz},
  year={2014}
}

@article{blais2016semi,
  title={A semi-implicit immersed boundary method and its application to viscous mixing},
  author={Blais, Bruno and Lassaigne, Manon and Goniva, Christoph and Fradette, Louis and Bertrand, Fran{\c{c}}ois},
  journal={Computers \& Chemical Engineering},
  volume={85},
  pages={136--146},
  year={2016},
  publisher={Elsevier}
}

@article{rhie,
  title={Rhie-chow interpolation in openfoam},
  author={K{\"a}rrholm, Fabian Peng},
  journal={Department of Applied Mechanics, Chalmers University of Technology: Goteborg, Sweden},
  year={2006}
}

@misc{klay,
    author= {{Clay Mathematics Institute}},
    year  = {2022},
    title = {Millennium Problems: Navier-Stokes Equation},
    note  = {\url{https://www.claymath.org/millennium-problems/navier-stokes-equation}, 
             Last accessed on 2022-06-15},
}
@article{taira2007immersed,
  title={The immersed boundary method: a projection approach},
  author={Taira, Kunihiko and Colonius, Tim},
  journal={Journal of Computational Physics},
  volume={225},
  number={2},
  pages={2118--2137},
  year={2007},
  publisher={Elsevier}
}

@article{benra2011comparison,
  title={A comparison of one-way and two-way coupling methods for numerical analysis of fluid-structure interactions},
  author={Benra, Friedrich-Karl and Dohmen, Hans Josef and Pei, Ji and Schuster, Sebastian and Wan, Bo},
  journal={Journal of applied mathematics},
  volume={2011},
  year={2011},
  publisher={Hindawi}
}
@article{glowinski1999distributed,
  title={A distributed Lagrange multiplier/fictitious domain method for particulate flows},
  author={Glowinski, Roland and Pan, T-W and Hesla, Todd I and Joseph, Daniel D},
  journal={International Journal of Multiphase Flow},
  volume={25},
  number={5},
  pages={755--794},
  year={1999},
  publisher={Elsevier}
}
@article{kloss2011liggghts,
  title={LIGGGHTS--open source discrete element simulations of granular materials based on Lammps},
  author={Kloss, Christoph and Goniva, Christoph},
  journal={supplemental proceedings: materials fabrication, properties, characterization, and modeling},
  volume={2},
  pages={781--788},
  year={2011},
  publisher={Wiley Online Library}
}

@inproceedings{jasak2007openfoam,
  title={OpenFOAM: A C++ library for complex physics simulations},
  author={Jasak, Hrvoje and Jemcov, Aleksandar and Tukovic, Zeljko and others},
  booktitle={International workshop on coupled methods in numerical dynamics},
  volume={1000},
  pages={1--20},
  year={2007},
  organization={IUC Dubrovnik Croatia}
}
@article{mindlin1953elastic,
  title={Elastic spheres in contact under varying oblique forces},
  author={Mindlin, Raymond D and Deresiewicz, Herbert},
  year={1953},
  publisher={American Society of Mechanical Engineers}
}
@article{beck1987transient,
  title={Transient motions of floating bodies at zero forward speed},
  author={Beck, Robert F and Liapis, Stergios},
  journal={Journal of ship research},
  volume={31},
  number={03},
  pages={164--176},
  year={1987},
  publisher={OnePetro}
}

@book{oberkampf,
  title={Verification and validation in scientific computing},
  author={Oberkampf, William L and Roy, Christopher J},
  year={2010},
  publisher={Cambridge university press}
}

@article{belytschko1980fsi,
  title={Fluid-structure interaction},
  author={Belytschko, Ted},
  journal={Computers \& Structures},
  volume={12},
  number={4},
  pages={459--469},
  year={1980},
  publisher={Elsevier}
}
@article{richardson1911,
  title={IX. The approximate arithmetical solution by finite differences of physical problems involving differential equations, with an application to the stresses in a masonry dam},
  author={Richardson, Lewis Fry},
  journal={Philosophical Transactions of the Royal Society of London. Series A, Containing Papers of a Mathematical or Physical Character},
  volume={210},
  number={459-470},
  pages={307--357},
  year={1911},
  publisher={The Royal Society London}
}

@article{pathak20163d,
  title={A 3D, fully Eulerian, VOF-based solver to study the interaction between two fluids and moving rigid bodies using the fictitious domain method},
  author={Pathak, Ashish and Raessi, Mehdi},
  journal={Journal of computational physics},
  volume={311},
  pages={87--113},
  year={2016},
  publisher={Elsevier}
}
@article{shen2022resolved,
  title={A resolved CFD-DEM coupling model for modeling two-phase fluids interaction with irregularly shaped particles},
  author={Shen, Zhihao and Wang, Gang and Huang, Duruo and Jin, Feng},
  journal={Journal of Computational Physics},
  volume={448},
  pages={110695},
  year={2022},
  publisher={Elsevier}
}
@article{Docker_introduction,
  title={An Introduction to Docker for Reproducible Research},
  author={Boettiger, Carl},
  journal={ACM SIGOPS Operating Systems Review},
  volume={49},
  number={1},
  pages={71--79},
  year={2015},
  publisher={ACM}
}
@book{NAS2019,
    author = {National Academies of Sciences, Engineering, and Medicine},
    title = {Reproducibility and Replicability in Science},
    publisher = {The National Academies Press},
    year = {2019},
    address = {Washington, DC},
    isbn = {978-0-309-48613-2},
    doi = {10.17226/25303},
    url = {https://www.nap.edu/catalog/25303/reproducibility-and-replicability-in-science}
}
@misc{github,
    title = {GitHub},
    howpublished = {\url{https://github.com}},
    note = {Accessed: 2023-04-04}
}
@misc{github_solver,
    title = {Solver},
    howpublished = {\url{https://github.com/asarmakeeva/multiphaseIB.git}},
    note = {Accessed: 2024-03-04}
}

@misc{docker,
    title = {Docker},
    howpublished = {\url{https://hub.docker.com/r/asarmakeeva/cfdem_ib/tags}},
    note = {Accessed: 2024-03-04}
}
@article{mao2020resolved,
  title={A resolved CFD--DEM approach for the simulation of landslides and impulse waves},
  author={Mao, Jia and Zhao, Lanhao and Di, Yingtang and Liu, Xunnan and Xu, Weiya},
  journal={Computer Methods in Applied Mechanics and Engineering},
  volume={359},
  pages={112750},
  year={2020},
  publisher={Elsevier}
}
@article{nan2023high,
  title={High-resolution model of complexly shaped bodies motion using an IBM-VOF-DEM coupling method},
  author={Nan, Xuan and Shen, Zhihao and Hou, Jingming and Li, Guodong},
  journal={Powder Technology},
  volume={413},
  pages={118005},
  year={2023},
  publisher={Elsevier}
}
@article{LIGGGHTS,
  title={Hybrid parallelization of the LIGGGHTS open-source DEM code},
  author={Berger, Richard and Kloss, Christoph and Kohlmeyer, Axel and Pirker, Stefan},
  journal={Powder technology},
  volume={278},
  pages={234--247},
  year={2015},
  publisher={Elsevier}
}
@article{perkins2012death,
  title={Death toll from landslides vastly underestimated},
  author={Perkins, Sid},
  journal={Nature News},
  volume={8},
  year={2012}
}

@Article{LAMMPS,
  author = "A. P. Thompson and H. M. Aktulga and R. Berger and 
     D. S. Bolintineanu and W. M. Brown and P. S. Crozier and
     P. J. in 't Veld and A. Kohlmeyer and S. G. Moore and T. D. Nguyen and
     R. Shan and M. J. Stevens and J. Tranchida and C. Trott and S. J. Plimpton",
  title = "{LAMMPS} - a flexible simulation tool for
     particle-based materials modeling at the 
     atomic, meso, and continuum scales",
  journal = "Comp. Phys. Comm.",
  volume =  "271",
  pages =   "108171",
  year =    "2022",
  doi = "10.1016/j.cpc.2021.108171"
} 

@article{verlet,
  title={Computer" experiments" on classical fluids. I. Thermodynamical properties of Lennard-Jones molecules},
  author={Verlet, Loup},
  journal={Physical review},
  volume={159},
  number={1},
  pages={98},
  year={1967},
  publisher={APS}
}
@article{canelas2016sph,
  title={SPH--DCDEM model for arbitrary geometries in free surface solid--fluid flows},
  author={Canelas, Ricardo B and Crespo, Alejandro JC and Dominguez, Jose M and Ferreira, Rui ML and Gomez-Gesteira, Moncho},
  journal={Computer Physics Communications},
  volume={202},
  pages={131--140},
  year={2016},
  publisher={Elsevier}
}
@article{issa1986solution,
  title={Solution of the implicitly discretised fluid flow equations by operator-splitting},
  author={Issa, Raad I},
  journal={Journal of computational physics},
  volume={62},
  number={1},
  pages={40--65},
  year={1986},
  publisher={Elsevier}
}
@book{roache1998verification,
  title={Verification and validation in computational science and engineering},
  author={Roache, Patrick J},
  volume={895},
  year={1998},
  publisher={Hermosa Albuquerque, NM}
}

@phdthesis{Mesnard2023,
  author       = {Olivier Mesnard},
  title        = {New Studies and Replication Studies in Aerodynamics of Animal Flyers with Fully Reproducible Computational Fluid Dynamics},
  school       = {George Washington University},
  year         = {2023},
  address      = {Washington, D.C.},
  month        = jan,
  note         = {PhD dissertation},
}

@article{barba2018terminologies,
  title={Terminologies for reproducible research},
  author={Barba, Lorena A},
  journal={arXiv preprint arXiv:1802.03311},
  year={2018}
}

@misc{sarmakeeva_multiphaseIB,
  author = {Sarmakeeva, Ananstasiia},
  title = {multiphaseIB},
  year = {2024},
  howpublished = {\url{https://github.com/asarmakeeva/multiphaseIB}},
  note = {Accessed: 2024-01-30}
}